<?xml version="1.0" encoding="UTF-8"?><collection xmlns="http://www.loc.gov/MARC21/slim"><record><leader>00411nam--2200157-i-4500</leader><controlfield tag="001">000008595</controlfield><controlfield tag="002">20161230</controlfield><controlfield tag="005">20170304181119</controlfield><controlfield tag="008">060222s1000------------r-----000-0-eng-d</controlfield><datafield ind1=" " ind2=" " tag="100"><subfield code="a">Carles, Maurice</subfield></datafield><datafield ind1=" " ind2=" " tag="245"><subfield code="a">L hexafluorure de tungstene wf6</subfield></datafield><datafield ind1=" " ind2=" " tag="260"><subfield code="a">Saclay</subfield><subfield code="b">Service Central De Documentation Du C.E.A</subfield><subfield code="c">1968</subfield></datafield><datafield ind1=" " ind2=" " tag="300"><subfield code="a">28 p</subfield></datafield><datafield ind1=" " ind2=" " tag="490"><subfield code="a">Cea-bib-125</subfield></datafield><datafield ind1=" " ind2=" " tag="852"><subfield code="a">546.78</subfield></datafield><datafield ind1=" " ind2=" " tag="CAT"><subfield code="a">SYS</subfield><subfield code="c">20170304</subfield><subfield code="h">181119</subfield></datafield></record></collection>